<record><leader>00000cas a22000007a 4500</leader><controlfield tag="001">14401888</controlfield><controlfield tag="008">861016d19401943iauwr ne      0    0eng d</controlfield><datafield ind1=" " ind2=" " tag="010"><subfield code="a">sn 86061122 </subfield></datafield><datafield ind1=" " ind2=" " tag="040"><subfield code="a">INP</subfield><subfield code="b">eng</subfield><subfield code="c">INP</subfield><subfield code="d">OCLCQ</subfield></datafield><datafield ind1=" " ind2=" " tag="042"><subfield code="a">msc</subfield></datafield><datafield ind1="0" ind2="4" tag="245"><subfield code="a">The Cascade pioneer advertiser.</subfield></datafield><datafield ind1="3" ind2="0" tag="246"><subfield code="a">Cascade pioneer</subfield></datafield><datafield ind1="1" ind2="3" tag="246"><subfield code="a">Cascade pioneer, Farley advertiser</subfield><subfield code="f">Mar. 14-Oct. 3, 1940</subfield></datafield><datafield ind1=" " ind2=" " tag="260"><subfield code="a">Cascade, Iowa :</subfield><subfield code="b">H.C. Baldwin,</subfield><subfield code="c">1940-1943.</subfield></datafield><datafield ind1=" " ind2=" " tag="300"><subfield code="a">5 v. :</subfield><subfield code="b">ill.</subfield></datafield><datafield ind1=" " ind2=" " tag="310"><subfield code="a">Weekly</subfield></datafield><datafield ind1="0" ind2=" " tag="362"><subfield code="a">Vol. 62, no. 31 (Jan. 18, 1940)-v. 66, no. 42 (Apr. 8, 1943).</subfield></datafield><datafield ind1=" " ind2=" " tag="500"><subfield code="a">"Eastern Iowa's largest commercial weekly."</subfield></datafield><datafield ind1=" " ind2=" " tag="500"><subfield code="a">Published as: Cascade pioneer, Farley advertiser, Mar. 14-Oct. 3, 1940.</subfield></datafield><datafield ind1=" " ind2=" " tag="752"><subfield code="a">United States</subfield><subfield code="b">Iowa</subfield><subfield code="c">Dubuque</subfield><subfield code="d">Cascade.</subfield></datafield><datafield ind1="0" ind2="0" tag="780"><subfield code="t">Cascade pioneer (Cascade, Iowa : 1940)</subfield><subfield code="w">(DLC)sn 86061121</subfield></datafield><datafield ind1="0" ind2="0" tag="785"><subfield code="t">Cascade pioneer (Cascade, Iowa : 1943)</subfield><subfield code="w">(DLC)sn 86061123</subfield></datafield></record>